@Article{Howes:2006a,
  Title                    = {{Astrophysical Gyrokinetics: Basic Equations and Linear Theory}},
  Author                   = {{Howes}, G.~G. and {Cowley}, S.~C. and {Dorland}, W. and {Hammett}, G.~W. and {Quataert}, E. and {Schekochihin}, A.~A.},
  Journal                  = {\apj},
  Year                     = {2006},

  Month                    = nov,
  Pages                    = {590-614},
  Volume                   = {651},

  Adsnote                  = {Provided by the SAO/NASA Astrophysics Data System},
  Adsurl                   = {http://adsabs.harvard.edu/abs/2006ApJ...651..590H},
  Doi                      = {10.1086/506172},
  Eprint                   = {astro-ph/0511812},
  File                     = {Howes\:2006a.pdf:pdf/Howes\:2006a.pdf:PDF},
  Keywords                 = {Methods: Numerical, Magnetohydrodynamics: MHD, Turbulence}
}
